@book{nolan2001stat,
  title={Stat labs: mathematical statistics through applications},
  author={Nolan, Deborah and Speed, Terry P},
  year={2001},
  publisher={Springer Science \& Business Media}
}